<?xml version="1.0" encoding="UTF-8"?><collection xmlns="http://www.loc.gov/MARC21/slim"><record><leader>00411nam--2200133-i-4500</leader><controlfield tag="001">000012962</controlfield><controlfield tag="002">20161230</controlfield><controlfield tag="005">20161230201030</controlfield><controlfield tag="008">060222s1000------------r-----000-0-eng-d</controlfield><datafield ind1=" " ind2=" " tag="245"><subfield code="a">Crystals growth, properties and applications vol.1: crystals for magnetic applications</subfield></datafield><datafield ind1=" " ind2=" " tag="260"><subfield code="a">Berlin, Springer-verlag, 1978</subfield></datafield><datafield ind1=" " ind2=" " tag="490"><subfield code="a">139p</subfield></datafield><datafield ind1=" " ind2=" " tag="700"><subfield code="a">Demianets, L.N., Hesse, J./S.A.</subfield></datafield><datafield ind1=" " ind2=" " tag="852"><subfield code="a">548.5:532.785:537.6:536.425</subfield></datafield></record></collection>